@article{akoglu_users_2018,
	title = {User's guide to correlation coefficients},
	volume = {18},
	issn = {24522473},
	url = {https://linkinghub.elsevier.com/retrieve/pii/S2452247318302164},
	doi = {10.1016/j.tjem.2018.08.001},
	pages = {91--93},
	number = {3},
	journaltitle = {Turkish Journal of Emergency Medicine},
	shortjournal = {Turkish Journal of Emergency Medicine},
	author = {Akoglu, Haldun},
	urldate = {2022-03-23},
	date = {2018-09},
	langid = {english},
	keywords = {Correlation Coefficients, Statistical Analysis},
	file = {Full Text:C\:\\Users\\hanna\\Zotero\\storage\\2JVNBZ8Q\\Akoglu - 2018 - User's guide to correlation coefficients.pdf:application/pdf},
}